
% Journals

% First the Full Name is given, then the abbreviation used in the AMS Math
% Reviews, with an indication if it could not be found there.
% Note the 2nd overwrites the 1st, so swap them if you want the full name.

 %{AMS}
 @String{AMSTrans = "American Mathematical Society Translations" }
 @String{AMSTrans = "Amer. Math. Soc. Transl." }
 @String{BullAMS = "Bulletin of the American Mathematical Society" }
 @String{BullAMS = "Bull. Amer. Math. Soc." }
 @String{ProcAMS = "Proceedings of the American Mathematical Society" }
 @String{ProcAMS = "Proc. Amer. Math. Soc." }
 @String{TransAMS = "Transactions of the American Mathematical Society" }
 @String{TransAMS = "Trans. Amer. Math. Soc." }

 %ACM
 @String{CACM = "Communications of the {ACM}" }
 @String{CACM = "Commun. {ACM}" }
 @String{CompServ = "Comput. Surveys" }
 @String{JACM = "J. ACM" }
 @String{ACMMathSoft = "{ACM} Transactions on Mathematical Software" }
 @String{ACMMathSoft = "{ACM} Trans. Math. Software" }
 @String{SIGNUM = "{ACM} {SIGNUM} Newsletter" }
 @String{SIGNUM = "{ACM} {SIGNUM} Newslett." }

 @String{AmerSocio = "American Journal of Sociology" }
 @String{AmerStatAssoc = "Journal of the American Statistical Association" }
 @String{AmerStatAssoc = "J. Amer. Statist. Assoc." }
 @String{ApplMathComp = "Applied Mathematics and Computation" }
 @String{ApplMathComp = "Appl. Math. Comput." }
 @String{AmerMathMonthly = "American Mathematical Monthly" }
 @String{AmerMathMonthly = "Amer. Math. Monthly" }
 @String{BIT = "{BIT}" }
 @String{BritStatPsych = "British Journal of Mathematical and Statistical
          Psychology" }
 @String{BritStatPsych = "Brit. J. Math. Statist. Psych." }
 @String{CanMathBull = "Canadian Mathematical Bulletin" }
 @String{CanMathBull = "Canad. Math. Bull." }
 @String{CompApplMath = "Journal of Computational and Applied Mathematics" }
 @String{CompApplMath = "J. Comput. Appl. Math." }
 @String{CompPhys = "Journal of Computational Physics" }
 @String{CompPhys = "J. Comput. Phys." }
 @String{CompStruct = "Computers and Structures" }
 @String{CompStruct = "Comput. \& Structures" }
 @String{CompJour = "The Computer Journal" }
 @String{CompJour = "Comput. J." }
 @String{CompSysSci = "Journal of Computer and System Sciences" }
 @String{CompSysSci = "J. Comput. System Sci." }
 @String{Computing = "Computing" }
 @String{ContempMath = "Contemporary Mathematics" }
 @String{ContempMath = "Contemp. Math." }
 @String{Crelle = "Crelle's Journal" }
 @String{GiornaleMath = "Giornale di Mathematiche" }
 @String{GiornaleMath = "Giorn. Mat." } % didn't find in AMS MR., ibid.

 %IEEE
 @String{Computer = "{IEEE} Computer" }
 @String{IEEETransComp = "{IEEE} Transactions on Computers" }
 @String{IEEETransComp = "{IEEE} Trans. Comput." }
 @String{IEEETransAC = "{IEEE} Transactions on Automatic Control" }
 @String{IEEETransAC = "{IEEE} Trans. Automat. Control" }
 @String{IEEESpec = "{IEEE} Spectrum" } % didn't find in AMS MR
 @String{ProcIEEE = "Proceedings of the {IEEE}" }
 @String{ProcIEEE = "Proc. {IEEE}" } % didn't find in AMS MR
 @String{IEEETransAeroElec = "{IEEE} Transactions on Aerospace and Electronic
     Systems" }
 @String{IEEETransAeroElec = "{IEEE} Trans. Aerospace Electron. Systems" }

 @String{IMANumerAna = "{IMA} Journal of Numerical Analysis" }
 @String{IMANumerAna = "{IMA} J. Numer. Anal." }
 @String{InfProcLet = "Information Processing Letters" }
 @String{InfProcLet = "Inform. Process. Lett." }
 @String{InstMathApp = "Journal of the Institute of Mathematics and
     its Applications" }
 @String{InstMathApp = "J. Inst. Math. Appl." }
 @String{IntControl = "International Journal of Control" }
 @String{IntControl = "Internat. J. Control" }
 @String{IntNumerEng = "International Journal for Numerical Methods in
     Engineering" }
 @String{IntNumerEng = "Internat. J. Numer. Methods Engrg." }
 @String{IntSuper = "International Journal of Supercomputing Applications" }
 @String{IntSuper = "Internat. J. Supercomputing Applic." } % didn't find
%% in AMS MR
 @String{Kibernetika = "Kibernetika" }
 @String{JResNatBurStand = "Journal of Research of the National Bureau
     of Standards" }
 @String{JResNatBurStand = "J. Res. Nat. Bur. Standards" }
 @String{LinAlgApp = "Linear Algebra and its Applications" }
 @String{LinAlgApp = "Linear Algebra Appl." }
 @String{MathAnaAppl = "Journal of Mathematical Analysis and Applications" }
 @String{MathAnaAppl = "J. Math. Anal. Appl." }
 @String{MathAnnalen = "Mathematische Annalen" }
 @String{MathAnnalen = "Math. Ann." }
 @String{MathPhys = "Journal of Mathematical Physics" }
 @String{MathPhys = "J. Math. Phys." }
 @String{MathComp = "Mathematics of Computation" }
 @String{MathComp = "Math. Comp." }
 @String{MathScand = "Mathematica Scandinavica" }
 @String{MathScand = "Math. Scand." }
 @String{TablesAidsComp = "Mathematical Tables and Other Aids to Computation" }
 @String{TablesAidsComp = "Math. Tables Aids Comput." }
 @String{NumerMath = "Numerische Mathematik" }
 @String{NumerMath = "Numer. Math." }
 @String{PacificMath = "Pacific Journal of Mathematics" }
 @String{PacificMath = "Pacific J. Math." }
 @String{ParDistComp = "Journal of Parallel and Distributed Computing" }
 @String{ParDistComp = "J. Parallel and Distrib. Comput." } % didn't find
%% in AMS MR
 @String{ParComputing = "Parallel Computing" }
 @String{ParComputing = "Parallel Comput." }
 @String{PhilMag = "Philosophical Magazine" }
 @String{PhilMag = "Philos. Mag." }
 @String{ProcNAS = "Proceedings of the National Academy of Sciences
                    of the USA" }
 @String{ProcNAS = "Proc. Nat. Acad. Sci. U. S. A." }
 @String{Psychometrika = "Psychometrika" }
 @String{QuartMath = "Quarterly Journal of Mathematics, Oxford, Series (2)" }
 @String{QuartMath = "Quart. J. Math. Oxford Ser. (2)" }
 @String{QuartApplMath = "Quarterly of Applied Mathematics" }
 @String{QuartApplMath = "Quart. Appl. Math." }
 @String{RevueInstStat = "Review of the International Statisical Institute" }
 @String{RevueInstStat = "Rev. Inst. Internat. Statist." }

 %SIAM
 @String{JSIAM = "Journal of the Society for Industrial and Applied
     Mathematics" }
 @String{JSIAM = "J. Soc. Indust. Appl. Math." }
 @String{JSIAMB = "Journal of the Society for Industrial and Applied
     Mathematics, Series B, Numerical Analysis" }
 @String{JSIAMB = "J. Soc. Indust. Appl. Math. Ser. B Numer. Anal." }
 @String{SIAMAlgMeth = "{SIAM} Journal on Algebraic and Discrete Methods" }
 @String{SIAMAlgMeth = "{SIAM} J. Algebraic Discrete Methods" }
 @String{SIAMAppMath = "{SIAM} Journal on Applied Mathematics" }
 @String{SIAMAppMath = "{SIAM} J. Appl. Math." }
 @String{SIAMComp = "{SIAM} Journal on Computing" }
 @String{SIAMComp = "{SIAM} J. Comput." }
 @String{SIAMMatrix = "{SIAM} Journal on Matrix Analysis and Applications" }
 @String{SIAMMatrix = "{SIAM} J. Matrix Anal. Appl." }
 @String{SIAMNumAnal = "{SIAM} Journal on Numerical Analysis" }
 @String{SIAMNumAnal = "{SIAM} J. Numer. Anal." }
 @String{SIAMReview = "{SIAM} Review" }
 @String{SIAMReview = "{SIAM} Rev." }
 @String{SIAMSciStat = "{SIAM} Journal on Scientific and Statistical
     Computing" }
 @String{SIAMSciStat = "{SIAM} J. Sci. Statist. Comput." }

 @String{SoftPracExp = "Software Practice and Experience" }
 @String{SoftPracExp = "Software Prac. Experience" } % didn't find in AMS MR
 @String{StatScience = "Statistical Science" }
 @String{StatScience = "Statist. Sci." }
 @String{Techno = "Technometrics" }
 @String{USSRCompMathPhys = "{USSR} Computational Mathematics and Mathematical
     Physics" }
 @String{USSRCompMathPhys = "{U. S. S. R.} Comput. Math. and Math. Phys." }
 @String{VLSICompSys = "Journal of {VLSI} and Computer Systems" }
 @String{VLSICompSys = "J. {VLSI} Comput. Syst." }
 @String{ZAngewMathMech = "Zeitschrift fur Angewandte Mathematik und
     Mechanik" }
 @String{ZAngewMathMech = "Z. Angew. Math. Mech." }
 @String{ZAngewMathPhys = "Zeitschrift fur Angewandte Mathematik und Physik" }
 @String{ZAngewMathPhys = "Z. Angew. Math. Phys." }

% Publishers % ================================================= |

 @String{Academic = "Academic Press" }
 @String{ACMPress = "{ACM} Press" }
 @String{AdamHilger = "Adam Hilger" }
 @String{AddisonWesley = "Addison-Wesley" }
 @String{AllynBacon = "Allyn and Bacon" }
 @String{AMS = "American Mathematical Society" }
 @String{Birkhauser = "Birkha{\"u}ser" }
 @String{CambridgePress = "Cambridge University Press" }
 @String{Chelsea = "Chelsea" }
 @String{ClaredonPress = "Claredon Press" }
 @String{DoverPub = "Dover Publications" }
 @String{Eyolles = "Eyolles" }
 @String{HoltRinehartWinston = "Holt, Rinehart and Winston" }
 @String{Interscience = "Interscience" }
 @String{JohnsHopkinsPress = "The Johns Hopkins University Press" }
 @String{JohnWileySons = "John Wiley and Sons" }
 @String{Macmillan = "Macmillan" }
 @String{MathWorks = "The Math Works Inc." }
 @String{McGrawHill = "McGraw-Hill" }
 @String{NatBurStd = "National Bureau of Standards" }
 @String{NorthHolland = "North-Holland" }
 @String{OxfordPress = "Oxford University Press" }  %address Oxford or London?
 @String{PergamonPress = "Pergamon Press" }
 @String{PlenumPress = "Plenum Press" }
 @String{PrenticeHall = "Prentice-Hall" }
 @String{SIAMPub = "{SIAM} Publications" }
 @String{Springer = "Springer-Verlag" }
 @String{TexasPress = "University of Texas Press" }
 @String{VanNostrand = "Van Nostrand" }
 @String{WHFreeman = "W. H. Freeman and Co." }




@misc{s3,
	year= "Amazon S3. 2022",
	title= {Cloud Object Storage - Amazon S3 - Amazon Web Services.},
	howpublished = "\url{https://aws.amazon.com/s3}"	
}

@misc{huawei,
	year= "Huawei Data Storage Systems. 2022",
	howpublished = "\url{https://e.huawei.com/en/products/storage}"	
}


@misc{hudi,
	year= "Apache Hudi. 2022",
	howpublished = "\url{ https://hudi.apache.org}"	
}

@misc{iceberg,
	year= "Apache Iceberg. 2022",
	howpublished = "\url{https: //iceberg.apache.org}"	
}

@misc{kafka,
	year= "Apache Kafka. 2022",
	howpublished = "\url{https://kafka. apache.org}"	
}

@misc{parquet,
	year= "Apache Parquet. 2022",
	howpublished = "\url{https: //parquet.apache.org}"	
}

@misc{pravega,
	year= "Pravega 2022",
	title= {Pravega - A Reliable Stream Storage System.},
	howpublished = "\url{https://cncf.pravega.io/}"	
}

@misc{pulsa,
	year= "Pulsa 2022",
	howpublished = "\url{ https://pulsar.apache.org/}"	
}


@misc{hdfs,
	year= "ASF Infrabot. 2019",
	title= {Filesystem Compatibility with Apache Hadoop. Apache Software Foundation},
	howpublished = "\url{https://cwiki.apache.org/confluence/display/HADOOP2/HCFS}"	
}

@article{delta,
	author    = {Michael Armbrust and
	Tathagata Das and
	Sameer Paranjpye and
	Reynold Xin and
	Shixiong Zhu and
	Ali Ghodsi and
	Burak Yavuz and
	Mukul Murthy and
	Joseph Torres and
	Liwen Sun and
	Peter A. Boncz and
	Mostafa Mokhtar and
	Herman Van Hovell and
	Adrian Ionescu and
	Alicja Luszczak and
	Michal Switakowski and
	Takuya Ueshin and
	Xiao Li and
	Michal Szafranski and
	Pieter Senster and
	Matei Zaharia},
	title     = {Delta Lake: High-Performance {ACID} Table Storage over Cloud Object
	Stores},
	journal   = {Proc. {VLDB} Endow.},
	volume    = {13},
	number    = {12},
	pages     = {3411--3424},
	year      = {2020},
	url       = {http://www.vldb.org/pvldb/vol13/p3411-armbrust.pdf},
	doi       = {10.14778/3415478.3415560},
	bibsource = {dblp computer science bibliography, https://dblp.org}
}

@inproceedings{skip,
	author    = {Liwen Sun and
	Michael J. Franklin and
	Sanjay Krishnan and
	Reynold S. Xin},
	title     = {Fine-grained partitioning for aggressive data skipping},
	booktitle = {International Conference on Management of Data, {SIGMOD} 2014, Snowbird,
	UT, USA, June 22-27, 2014},
	pages     = {1115--1126},
	publisher = {{ACM}},
	year      = {2014},
	url       = {https://doi.org/10.1145/2588555.2610515},
	doi       = {10.1145/2588555.2610515},
	timestamp = {Tue, 06 Nov 2018 11:07:38 +0100},
	biburl    = {https://dblp.org/rec/conf/sigmod/SunFKX14.bib},
	bibsource = {dblp computer science bibliography, https://dblp.org}
}

@inproceedings{ottertune,
	author    = {Dana Van Aken and
	Andrew Pavlo and
	Geoffrey J. Gordon and
	Bohan Zhang},
	title     = {Automatic Database Management System Tuning Through Large-scale Machine
	Learning},
	booktitle = {Proceedings of the 2017 {ACM} International Conference on Management
	of Data, {SIGMOD} Conference 2017, Chicago, IL, USA, May 14-19, 2017},
	pages     = {1009--1024},
	publisher = {{ACM}},
	year      = {2017},
	url       = {https://doi.org/10.1145/3035918.3064029},
	doi       = {10.1145/3035918.3064029},
	timestamp = {Tue, 06 Nov 2018 11:07:38 +0100},
	biburl    = {https://dblp.org/rec/conf/sigmod/AkenPGZ17.bib},
	bibsource = {dblp computer science bibliography, https://dblp.org}
}


@article{ottertune2,
	author    = {Dana Van Aken and
	Dongsheng Yang and
	Sebastien Brillard and
	Ari Fiorino and
	Bohan Zhang and
	Christian Billian and
	Andrew Pavlo},
	title     = {An Inquiry into Machine Learning-based Automatic Configuration Tuning
	Services on Real-World Database Management Systems},
	journal   = {Proc. {VLDB} Endow.},
	volume    = {14},
	number    = {7},
	pages     = {1241--1253},
	year      = {2021},
	url       = {http://www.vldb.org/pvldb/vol14/p1241-aken.pdf},
	doi       = {10.14778/3450980.3450992},
	timestamp = {Thu, 21 Apr 2022 17:09:21 +0200},
	biburl    = {https://dblp.org/rec/journals/pvldb/AkenYBFZBP21.bib},
	bibsource = {dblp computer science bibliography, https://dblp.org}
}

@inproceedings{qdtree,
	author    = {Zongheng Yang and
	Badrish Chandramouli and
	Chi Wang and
	Johannes Gehrke and
	Yinan Li and
	Umar Farooq Minhas and
	Per{-}{\AA}ke Larson and
	Donald Kossmann and
	Rajeev Acharya},
	title     = {Qd-tree: Learning Data Layouts for Big Data Analytics},
	booktitle = {Proceedings of the 2020 International Conference on Management of
	Data, {SIGMOD} Conference 2020, online conference [Portland, OR, USA],
	June 14-19, 2020},
	pages     = {193--208},
	publisher = {{ACM}},
	year      = {2020},
	url       = {https://doi.org/10.1145/3318464.3389770},
	doi       = {10.1145/3318464.3389770},
	timestamp = {Thu, 15 Sep 2022 14:00:48 +0200},
	biburl    = {https://dblp.org/rec/conf/sigmod/YangCWGLMLKA20.bib},
	bibsource = {dblp computer science bibliography, https://dblp.org}
}

@inproceedings{cdbtune,
	author    = {Ji Zhang and
	Yu Liu and
	Ke Zhou and
	Guoliang Li and
	Zhili Xiao and
	Bin Cheng and
	Jiashu Xing and
	Yangtao Wang and
	Tianheng Cheng and
	Li Liu and
	Minwei Ran and
	Zekang Li},
	title     = {An End-to-End Automatic Cloud Database Tuning System Using Deep Reinforcement
	Learning},
	booktitle = {Proceedings of the 2019 International Conference on Management of
	Data, {SIGMOD} Conference 2019, Amsterdam, The Netherlands, June 30
	- July 5, 2019},
	pages     = {415--432},
	publisher = {{ACM}},
	year      = {2019},
	url       = {https://doi.org/10.1145/3299869.3300085},
	doi       = {10.1145/3299869.3300085},
	timestamp = {Wed, 04 May 2022 13:44:41 +0200},
	biburl    = {https://dblp.org/rec/conf/sigmod/ZhangLZLXCXWCLR19.bib},
	bibsource = {dblp computer science bibliography, https://dblp.org}
}

@article{deepdb,
	author    = {Benjamin Hilprecht and
	Andreas Schmidt and
	Moritz Kulessa and
	Alejandro Molina and
	Kristian Kersting and
	Carsten Binnig},
	title     = {DeepDB: Learn from Data, not from Queries!},
	journal   = {VLDB},
	volume    = {13},
	number    = {7},
	pages     = {992--1005},
	year      = {2020},
	url       = {http://www.vldb.org/pvldb/vol13/p992-hilprecht.pdf},
	timestamp = {Sat, 25 Apr 2020 13:58:37 +0200},
	biburl    = {https://dblp.org/rec/journals/pvldb/HilprechtSKMKB20.bib},
	bibsource = {dblp computer science bibliography, https://dblp.org}
}


@article{naru,
	author    = {Zongheng Yang and
	Eric Liang and
	Amog Kamsetty and
	Chenggang Wu and
	Yan Duan and
	Peter Chen and
	Pieter Abbeel and
	Joseph M. Hellerstein and
	Sanjay Krishnan and
	Ion Stoica},
	title     = {Deep Unsupervised Cardinality Estimation},
	journal   = {{VLDB}},
	volume    = {13},
	number    = {3},
	pages     = {279--292},
	year      = {2019},
	url       = {http://www.vldb.org/pvldb/vol13/p279-yang.pdf},
	doi       = {10.14778/3368289.3368294},
	timestamp = {Tue, 18 Aug 2020 20:24:11 +0200},
	biburl    = {https://dblp.org/rec/journals/pvldb/YangLKWDCAHKS19.bib},
	bibsource = {dblp computer science bibliography, https://dblp.org}
}
